@book{Anderson1977,
  author =       "Paul M. Anderson and A. A. Fouad",
  title =        "Power System Control and Stability",
  publisher =    "The Iowa State University Press",
  address =      "Ames, USA",
  year =         "1977",
  pages =        "464",
}

@book{Grainger1994,
  author =       "John J. Grainger and Willian D. Stevenson",
  title =        "Power System Analysis",
  publisher =    "McGraw-Hill, Inc.",
  address =      "New York, USA",
  year =         "1994",
  pages =        "787",
}

@book{Glover2002,
  author =       "J. Duncan Glover and Mulukutla S. Sarma",
  title =        "Power System Analysis and Design",
  edition =      "3",
  publisher =    "Brooks/Cole",
  address =      "Pacific Grove, USA",
  year =         "2002",
  pages =        "656",
}

@manual{abntex-doc,
 author =        "Miguel Vinícius Santini Frasson",
 organization =  "Grupo abnTeX",
 title =         "Classe {ABNT}. confeção de trabalhos acadêmicos em \LaTeX~ segundo as normas {ABNT}",
 url =           "http://abntex.codigolivre.org.br",
 year =          "2003",
 }

@manual{abntex-alf,
 author =        "G. Weber",
 organization =  "Grupo abnTeX",
 title =         "Estilo bibtex compatível com a norma 6023 da {ABNT}: Questões específicas da norma 10520 versão 1.29",
 url =           "http://abntex.codigolivre.org.br",
 year =          "2004",
 }

 @manual{hyperref,
 author =        "Sebastian Rahtz and Heiko Oberdiek",
 organization =  "{HyperTeX}",
 title =         "Hypertext marks in \LaTeX: a manual for hyperref",
 url =           "http://arxiv.org/hypertex/",
 year =          "2004",
 }

 @manual{nomencl,
 author =        "Boris Veytsman and Bernd Schandl and Lee Netherton and C. V. Radhakrishnan",
 title =         "Nomencl, A Package to Create a Nomenclature",
 url =           "http://sarovar.org/projects/nomencl",
 year =          "2005",
 }
 
 @BOOK{UTFPR2008,
  title = {Normas para elabora\c{c}\~ao de trabalhos acad\^emicos},
  publisher = {Universidade Tecnol\'ogica Federal do Paran\'a},
  year = {2008},
  editor = {Reitoria},
  author = {UTFPR},
  address = {Curitiba},
  owner = {Hugo},
  timestamp = {2009.11.08}
}
