% This file was created with JabRef 2.5.
% Encoding: Cp1252

@UNPUBLISHED{simoes,
  author = {Antônio Simões Costa},
  title = {Notas de Aula},
  note = {Universidade Federal de Santa Catarina~-~UFSC, Florianópolis~-~SC},
  year = {2009},
  owner = {Andre},
  timestamp = {2009.08.18}
}

@BOOK{elgerd,
  title = {Introdução à teoria de sistemas de energia elétrica},
  publisher = {McGraw-Hill},
  year = {1976},
  author = {Olle I. Elgerd},
  address = {São Paulo, Brasil},
  edition = {1},
  note = {Traduzido para o português do original em inglês "Electric Energy
	Systems Theory"}
}

@BOOK{stevenson,
  title = {Análisis de sistemas de potencia},
  publisher = {McGraw-Hill},
  year = {1995},
  author = {John J. Grainger and William D. Stevenson Jr.},
  address = {Mexico},
  edition = {1},
  note = {Traduzido para o espanhol do original em inglês "Power System Analysis"}
}

@BOOK{kundur,
  title = {Power System Stability and Control},
  publisher = {McGraw-Hill},
  year = {1994},
  author = {Prabha Kundur},
  address = {.},
  owner = {Andre},
  timestamp = {2009.09.22}
}

@BOOK{katia,
  title = {Otimização Estática Aplicada a Sistemas de Potência},
  publisher = {UFSC},
  year = {2009},
  editor = {editor},
  author = {R. S. Salgado and K. C. Almeida},
  address = {Florianópolis-SC},
  owner = {Andre},
  timestamp = {2009.09.22}
}

@BOOK{edson,
  title = {{Forma{\c{c}}{\~a}o de pre{\c{c}}os em mercados de energia el{\'e}trica}},
  year = {2001},
  editor = {Editora Sagra Luzzatto},
  author = {Silva, E.L.},
  address = {Porto Alegre}
}

@BOOK{wood,
  title = {{Power Generation, Operation and Control}},
  publisher = {John Wiley \& Sons},
  year = {1984},
  author = {Allen J. Wood and Bruce F. Wollenberg},
  address = {New York, U.S.A}
}

@comment{jabref-meta: selector_publisher:}

@comment{jabref-meta: selector_author:}

@comment{jabref-meta: selector_journal:}

@comment{jabref-meta: selector_keywords:}

